[gd_scene load_steps=16 format=2]

[ext_resource path="res://levels/SailingLevel/Seaweed/night-strange-seaweed-Sheet.png" type="Texture" id=1]
[ext_resource path="res://levels/SailingLevel/Seaweed/day-strange-seaweed-Sheet.png" type="Texture" id=2]
[ext_resource path="res://levels/SailingLevel/Seaweed/Seaweed.gd" type="Script" id=3]

[sub_resource type="AtlasTexture" id=1]
atlas = ExtResource( 2 )
region = Rect2( 0, 0, 18, 26 )

[sub_resource type="AtlasTexture" id=2]
atlas = ExtResource( 2 )
region = Rect2( 18, 0, 18, 26 )

[sub_resource type="AtlasTexture" id=3]
atlas = ExtResource( 2 )
region = Rect2( 36, 0, 18, 26 )

[sub_resource type="AtlasTexture" id=4]
atlas = ExtResource( 2 )
region = Rect2( 54, 0, 18, 26 )

[sub_resource type="AtlasTexture" id=5]
atlas = ExtResource( 2 )
region = Rect2( 72, 0, 18, 26 )

[sub_resource type="AtlasTexture" id=6]
atlas = ExtResource( 1 )
region = Rect2( 0, 0, 18, 26 )

[sub_resource type="AtlasTexture" id=7]
atlas = ExtResource( 1 )
region = Rect2( 18, 0, 18, 26 )

[sub_resource type="AtlasTexture" id=8]
atlas = ExtResource( 1 )
region = Rect2( 36, 0, 18, 26 )

[sub_resource type="AtlasTexture" id=9]
atlas = ExtResource( 1 )
region = Rect2( 54, 0, 18, 26 )

[sub_resource type="AtlasTexture" id=10]
atlas = ExtResource( 1 )
region = Rect2( 72, 0, 18, 26 )

[sub_resource type="SpriteFrames" id=11]
animations = [ {
"frames": [ SubResource( 1 ), SubResource( 2 ), SubResource( 3 ), SubResource( 4 ), SubResource( 5 ) ],
"loop": true,
"name": "default",
"speed": 5.0
}, {
"frames": [ SubResource( 6 ), SubResource( 7 ), SubResource( 8 ), SubResource( 9 ), SubResource( 10 ) ],
"loop": true,
"name": "night-default",
"speed": 5.0
} ]

[sub_resource type="RectangleShape2D" id=12]

[node name="Node2D" type="Area2D"]
script = ExtResource( 3 )

[node name="AnimatedSprite" type="AnimatedSprite" parent="."]
frames = SubResource( 11 )
frame = 2
playing = true

[node name="CollisionShape2D" type="CollisionShape2D" parent="."]
position = Vector2( 0, 3 )
shape = SubResource( 12 )
