[gd_scene load_steps=9 format=2]

[ext_resource path="res://ui/MapUI/map-v1.png" type="Texture" id=1]
[ext_resource path="res://ui/MapUI/MapScene.gd" type="Script" id=3]
[ext_resource path="res://ui/MapUI/MapWaypoint/stones.png" type="Texture" id=4]
[ext_resource path="res://ui/MapUI/lighthouse.png" type="Texture" id=5]
[ext_resource path="res://ui/MapUI/MapWaypoint/seaweed-field.png" type="Texture" id=6]
[ext_resource path="res://ui/MapUI/boxes.png" type="Texture" id=8]
[ext_resource path="res://ui/fivee.tres" type="DynamicFont" id=9]
[ext_resource path="res://ui/MapUI/MapWaypoint/MapWaypoint.tscn" type="PackedScene" id=10]

[node name="Map" type="CanvasLayer"]
script = ExtResource( 3 )

[node name="Map" type="Sprite" parent="."]
position = Vector2( 128, 96 )
texture = ExtResource( 1 )
__meta__ = {
"_edit_lock_": true
}

[node name="stones" type="Sprite" parent="."]
position = Vector2( 96, 68 )
texture = ExtResource( 4 )

[node name="stones2" type="Sprite" parent="."]
position = Vector2( 75, 162 )
texture = ExtResource( 4 )

[node name="lighthouse" type="Sprite" parent="."]
position = Vector2( 45, 33 )
texture = ExtResource( 5 )

[node name="Route" type="Line2D" parent="."]
position = Vector2( -3, -1 )
scale = Vector2( 1.02564, 1.02308 )
width = 1.0
default_color = Color( 0.235294, 0.235294, 0.270588, 1 )

[node name="help-box" type="Sprite" parent="."]
position = Vector2( 37, 166 )
texture = ExtResource( 8 )

[node name="ControlsRichTextLabel" type="RichTextLabel" parent="."]
margin_left = 7.0
margin_top = 147.0
margin_right = 80.0
margin_bottom = 194.0
custom_fonts/normal_font = ExtResource( 9 )
custom_colors/default_color = Color( 0.176471, 0.164706, 0.164706, 1 )
bbcode_text = "z=map
x=book
c=list
esc=back
enter=sail"
text = "z=map
x=book
c=list
esc=back
enter=sail"
scroll_active = false
__meta__ = {
"_edit_use_anchors_": false
}

[node name="EstimatedTimeRichTextLabel" type="RichTextLabel" parent="."]
margin_left = 84.0
margin_top = 181.0
margin_right = 253.0
margin_bottom = 198.0
custom_fonts/normal_font = ExtResource( 9 )
custom_colors/default_color = Color( 0.176471, 0.164706, 0.164706, 1 )
bbcode_enabled = true
bbcode_text = "[right]est. voyage time: 9h[/right]"
text = "est. voyage time: 9h"
scroll_active = false
__meta__ = {
"_edit_use_anchors_": false
}

[node name="TimeUntilMarketRichTextLabel" type="RichTextLabel" parent="."]
margin_left = 106.0
margin_top = 175.0
margin_right = 253.0
margin_bottom = 182.0
custom_fonts/normal_font = ExtResource( 9 )
custom_colors/default_color = Color( 0.176471, 0.164706, 0.164706, 1 )
bbcode_enabled = true
bbcode_text = "[right]time until market: 12h[/right]
"
text = "time until market: 12h
"
scroll_active = false
__meta__ = {
"_edit_use_anchors_": false
}

[node name="Waypoints" type="Node" parent="."]

[node name="MapWaypoint13" parent="Waypoints" instance=ExtResource( 10 )]
position = Vector2( 124, 116 )

[node name="MapWaypoint" parent="Waypoints" instance=ExtResource( 10 )]
position = Vector2( 84, 52 )

[node name="MapWaypoint2" parent="Waypoints" instance=ExtResource( 10 )]
position = Vector2( 132, 60 )

[node name="MapWaypoint3" parent="Waypoints" instance=ExtResource( 10 )]
position = Vector2( 108, 84 )

[node name="MapWaypoint4" parent="Waypoints" instance=ExtResource( 10 )]
position = Vector2( 156, 84 )

[node name="MapWaypoint6" parent="Waypoints" instance=ExtResource( 10 )]
position = Vector2( 92, 116 )

[node name="MapWaypoint7" parent="Waypoints" instance=ExtResource( 10 )]
position = Vector2( 100, 180 )

[node name="MapWaypoint8" parent="Waypoints" instance=ExtResource( 10 )]
position = Vector2( 52, 140 )

[node name="MapWaypoint9" parent="Waypoints" instance=ExtResource( 10 )]
position = Vector2( 141, 156 )

[node name="MapWaypoint11" parent="Waypoints" instance=ExtResource( 10 )]
position = Vector2( 196, 84 )

[node name="MapWaypoint12" parent="Waypoints" instance=ExtResource( 10 )]
position = Vector2( 44, 37 )

[node name="seaweed-field" type="Sprite" parent="."]
modulate = Color( 1, 1, 1, 0.243137 )
position = Vector2( 96, 107 )
texture = ExtResource( 6 )
